@article{largeron2015,
    author = {Largeron, Christine AND Mougel, Pierre-Nicolas AND Rabbany, Reihaneh AND Za{\"\i}ane, Osmar R.},
    journal = {PLoS ONE},
    publisher = {Public Library of Science},
    title = {{Generating Attributed Networks with Communities}},
    year = {2015},
    month = {04},
    volume = {10},
    url = {http://dx.doi.org/10.1371%2Fjournal.pone.0122777},
    pages = {e0122777},
    number = {4},
    doi = {10.1371/journal.pone.0122777}
}        

@inbook{Easley2010,
  author = {Easley, David and Kleinberg, Jon},
  year = 2010,
  title = {{Networks, Crowds and Markets: Reasoning about a Highly Connected World}},
  chapter = {Networks in their Surrounding Contexts},
  publisher = {Cambridge University Press},
  pages={85--118}
}

@inproceedings{BMF, crossref = {meeds2006modeling} }
@inproceedings{meeds2006modeling,
    title={Modeling dyadic data with binary latent factors},
    author={Meeds, Edward and Ghahramani, Zoubin and Neal, Radford M and Roweis, Sam T},
    booktitle={Advances in neural information processing systems},
    pages={977--984},
    year={2006}
}

@inproceedings{ILAM, crossref = {palla2012infinite} }
@inproceedings{palla2012infinite,
    author    = {Konstantina Palla and David A. Knowles and Zoubin Ghahramani},
    title     = {An Infinite Latent Attribute Model for Network Data},
    booktitle = {Proceedings of the 29th International Conference on Machine Learning, {ICML} 2012, Edinburgh, Scotland, UK, June 26 - July 1, 2012},
    year      = {2012},
}

@inproceedings{ILFRM, crossref = {miller2009nonparametric} }
@inproceedings{miller2009nonparametric,
  title={Nonparametric latent feature models for link prediction},
  author={Miller, Kurt and Jordan, Michael I and Griffiths, Thomas L},
  booktitle={Advances in neural information processing systems},
  pages={1276--1284},
  year={2009}
}

@INPROCEEDINGS{IBP, crossref = {griffiths2011indian} }
@article{griffiths2011indian,
  title={The indian buffet process: An introduction and review},
  author={Griffiths, Thomas L and Ghahramani, Zoubin},
  journal={The Journal of Machine Learning Research},
  volume={12},
  pages={1185--1224},
  year={2011},
  publisher={JMLR. org}
}

@inproceedings{gorur06,
  title={A choice model with infinitely many latent features},
  author={G{\"o}r{\"u}r, Dilan and J{\"a}kel, Frank and Rasmussen, Carl Edward},
  booktitle={Proceedings of the 23rd international conference on Machine learning},
  pages={361--368},
  year={2006},
  organization={ACM}
}

@inproceedings{lahiri2007structure,
  title={Structure prediction in temporal networks using frequent subgraphs},
  author={Lahiri, Mayank and Berger-Wolf, Tanya Y},
  booktitle={Computational Intelligence and Data Mining, 2007. CIDM 2007. IEEE Symposium on},
  pages={35--42},
  year={2007},
  organization={IEEE}
}
@article{jordan2010bayesian,
    title={Bayesian nonparametric learning: Expressive priors for intelligent systems},
    author={Jordan, Michael I},
    journal={Heuristics, Probability and Causality: A Tribute to Judea Pearl},
    volume={11},
    pages={167--185},
    year={2010},
    publisher={College Publications}
}
@article{escobar1995bayesian,
  title={Bayesian density estimation and inference using mixtures},
  author={Escobar, Michael D and West, Mike},
  journal={Journal of the american statistical association},
  volume={90},
  number={430},
  pages={577--588},
  year={1995},
  publisher={Taylor \& Francis}
}
@article{HDP, crossref = {teh2006hierarchical} }
@article{teh2006hierarchical,
    title={Hierarchical dirichlet processes},
    author={Teh, Yee Whye and Jordan, Michael I and Beal, Matthew J and Blei, David M},
    journal={Journal of the american statistical association},
    year={2012},
    publisher={Taylor \& Francis}
}

@article{goldenberg2010survey,
    title={A survey of statistical network models},
    author={Goldenberg, Anna and Zheng, Alice X and Fienberg, Stephen E and Airoldi, Edoardo M},
    journal={Foundations and Trends{\textregistered} in Machine Learning},
    volume={2},
    number={2},
    pages={129--233},
    year={2010},
    publisher={Now Publishers Inc.}
}
@INPROCEEDINGS{IRM, crossref = {kemp2006learning} }
@inproceedings{kemp2006learning,
    title={Learning systems of concepts with an infinite relational model},
    author={Kemp, Charles and Tenenbaum, Joshua B and Griffiths, Thomas L and Yamada, Takeshi and Ueda, Naonori},
    booktitle={AAAI},
    volume={3},
    pages={5},
    year={2006}
}
@INPROCEEDINGS{IHRM, crossref = {xu2006learning} }
@article{xu2006learning,
  title={Learning infinite hidden relational models},
  author={Xu, Zhao and Tresp, Volker and Yu, Kai and Kriegel, Hans-Peter},
  journal={Uncertainity in Artificial Intelligence (UAI2006)},
  year={2006}
}
@inproceedings{MMSB, crossref = {airoldi2009mixed} }
@inproceedings{airoldi2009mixed,
  title={Mixed membership stochastic blockmodels},
  author={Airoldi, Edoardo M and Blei, David M and Fienberg, Stephen E and Xing, Eric P},
  booktitle={Advances in Neural Information Processing Systems},
  pages={33--40},
  year={2009}
}

@INPROCEEDINGS{IMRM, crossref = {morup2011infinite} }
@inproceedings{morup2011infinite,
  title={Infinite multiple membership relational modeling for complex networks},
  author={M{\o}rup, Morten and Schmidt, Mikkel N and Hansen, Lars Kai},
  booktitle={Machine Learning for Signal Processing (MLSP), 2011 IEEE International Workshop on},
  pages={1--6},
  year={2011},
  organization={IEEE}
}
@INPROCEEDINGS{iMMSB, crossref = {koutsourelakis2008finding} }
@inproceedings{koutsourelakis2008finding,
  title={Finding Mixed-Memberships in Social Networks.},
  author={Koutsourelakis, Phaedon-Stelios and Eliassi-Rad, Tina},
  booktitle={AAAI Spring Symposium: Social Information Processing},
  pages={48--53},
  year={2008}
}
@article{diMMSB, crossref = {fan2015dynamic} }
@article{fan2015dynamic,
  title={Dynamic Infinite Mixed-Membership Stochastic Blockmodel},
  author={Fan, Xuhui and Cao, Longbing and Xu, Da and Yi, Richard},
  journal={Neural Networks and Learning Systems, IEEE Transactions on},
  volume={26},
  pages={2072--2085},
  year={2015},
  publisher={IEEE}
}
@INPROCEEDINGS{ferguson_dp, crossref = {ferguson1973bayesian} }
@article{ferguson1973bayesian,
title={A Bayesian analysis of some nonparametric problems},
author={Ferguson, Thomas S},
journal={The annals of statistics},
pages={209--230},
year={1973},
publisher={JSTOR}
}
@INPROCEEDINGS{yyt_dp, crossref = {teh2010dirichlet} }
@incollection{teh2010dirichlet,
title={Dirichlet process},
author={Teh, Yee Whye},
booktitle={Encyclopedia of machine learning},
pages={280--287},
year={2010},
publisher={Springer}
}
@article{antoniak1974mixtures,
title={Mixtures of Dirichlet processes with applications to Bayesian nonparametric problems},
author={Antoniak, Charles E},
journal={The annals of statistics},
pages={1152--1174},
year={1974},
publisher={JSTOR}
}
@INPROCEEDINGS{DCA, crossref = {buntine2006discrete} }
@inproceedings{buntine2006discrete,
    author    = {Wray L. Buntine and Aleks Jakulin},
    title     = {Discrete Component Analysis},
    booktitle = {Subspace, Latent Structure and Feature Selection, Statistical and
        Optimization, Perspectives Workshop, {SLSFS} 2005, Bohinj, Slovenia,
        February 23-25, 2005, Revised Selected Papers},
    pages     = {1--33},
    year      = {2005},
    url       = {http://dx.doi.org/10.1007/11752790_1},
    doi       = {10.1007/11752790_1},
    timestamp = {Tue, 30 May 2006 13:27:54 +0200},
    biburl    = {http://dblp.uni-trier.de/rec/bib/conf/slsfs/BuntineJ05},
    bibsource = {dblp computer science bibliography, http://dblp.org}
}

@inproceedings{LeskovecBKT08,
  author    = {Jure Leskovec and
               Lars Backstrom and
               Ravi Kumar and
               Andrew Tomkins},
  title     = {Microscopic evolution of social networks},
  booktitle = {Proceedings of the 14th {ACM} {SIGKDD} International Conference on
               Knowledge Discovery and Data Mining, Las Vegas, Nevada, USA, August
               24-27, 2008},
  pages     = {462--470},
  year      = {2008},
  crossref  = {DBLP:conf/kdd/2008},
  url       = {http://doi.acm.org/10.1145/1401890.1401948},
  doi       = {10.1145/1401890.1401948},
  timestamp = {Mon, 14 May 2012 09:20:40 +0200},
  biburl    = {http://dblp.uni-trier.de/rec/bib/conf/kdd/LeskovecBKT08},
  bibsource = {dblp computer science bibliography, http://dblp.org}
}

@proceedings{DBLP:conf/kdd/2008,
  editor    = {Ying Li and
               Bing Liu and
               Sunita Sarawagi},
  title     = {Proceedings of the 14th {ACM} {SIGKDD} International Conference on
               Knowledge Discovery and Data Mining, Las Vegas, Nevada, USA, August
               24-27, 2008},
  publisher = {{ACM}},
  year      = {2008},
  isbn      = {978-1-60558-193-4},
  timestamp = {Mon, 14 May 2012 09:20:40 +0200},
  biburl    = {http://dblp.uni-trier.de/rec/bib/conf/kdd/2008},
  bibsource = {dblp computer science bibliography, http://dblp.org}
}


@book{Newman2010,
 author = {Newman, Mark},
 title = {Networks: An Introduction},
 year = {2010},
 isbn = {0199206651, 9780199206650},
 publisher = {Oxford University Press, Inc.},
 address = {New York, NY, USA},
} 
 
@book{Barabasi2003,
  author    = {Albert{-}L{\'{a}}szl{\'{o}} Barab{\'{a}}si},
  title     = {Linked - how everything is connected to everything else and what it
               means for business, science, and everyday life},
  publisher = {Plume},
  year      = {2003},
  isbn      = {978-0-452-28439-5},
  timestamp = {Thu, 14 Apr 2011 14:43:21 +0200},
  biburl    = {http://dblp.uni-trier.de/rec/bib/books/daglib/0012457},
  bibsource = {dblp computer science bibliography, http://dblp.org}
}

@article{Liben-Nowell07,
  author    = {David Liben{-}Nowell and
               Jon M. Kleinberg},
  title     = {The link-prediction problem for social networks},
  journal   = {{JASIST}},
  volume    = {58},
  number    = {7},
  pages     = {1019--1031},
  year      = {2007},
  url       = {http://dx.doi.org/10.1002/asi.20591},
  doi       = {10.1002/asi.20591},
  timestamp = {Mon, 26 Nov 2007 12:58:23 +0100},
  biburl    = {http://dblp.uni-trier.de/rec/bib/journals/jasis/Liben-NowellK07},
  bibsource = {dblp computer science bibliography, http://dblp.org}
}
@incollection{HassanZaki11,
  author    = {Mohammad Al Hasan and
               Mohammed J. Zaki},
  title     = {A Survey of Link Prediction in Social Networks},
  booktitle = {Social Network Data Analytics},
  pages     = {243--275},
  year      = {2011},
  crossref  = {DBLP:books/sp/social11},
  url       = {http://dx.doi.org/10.1007/978-1-4419-8462-3_9},
  doi       = {10.1007/978-1-4419-8462-3_9},
  timestamp = {Sat, 18 Feb 2012 20:20:09 +0100},
  biburl    = {http://dblp.uni-trier.de/rec/bib/books/sp/social2011/HasanZ11},
  bibsource = {dblp computer science bibliography, http://dblp.org}
}

@book{DBLP:books/sp/social11,
  editor    = {Charu C. Aggarwal},
  title     = {Social Network Data Analytics},
  publisher = {Springer},
  year      = {2011},
  isbn      = {978-1-4419-8461-6},
  timestamp = {Sat, 18 Feb 2012 20:12:34 +0100},
  biburl    = {http://dblp.uni-trier.de/rec/bib/books/sp/social11},
  bibsource = {dblp computer science bibliography, http://dblp.org}
}


@article{mcpherson2001birds,
  title={Birds of a feather: Homophily in social networks},
  author={McPherson, Miller and Smith-Lovin, Lynn and Cook, James M},
  journal={Annual review of sociology},
  pages={415--444},
  year={2001},
  publisher={JSTOR}
}
@article{lazarsfeld1954friendship,
  title={Friendship as a social process: A substantive and methodological analysis},
  author={Lazarsfeld, Paul F and Merton, Robert K and others},
  journal={Freedom and control in modern society},
  volume={18},
  number={1},
  pages={18--66},
  year={1954}
}
@inproceedings{la2010randomization,
  title={Randomization tests for distinguishing social influence and homophily effects},
  author={La Fond, Timothy and Neville, Jennifer},
  booktitle={Proceedings of the 19th international conference on World wide web},
  pages={601--610},
  year={2010},
  organization={ACM}
}
@article{barabasi1999emergence,
  title={Emergence of scaling in random networks},
  author={Barab{\'a}si, Albert-L{\'a}szl{\'o} and Albert, R{\'e}ka},
  journal={science},
  volume={286},
  number={5439},
  pages={509--512},
  year={1999},
  publisher={American Association for the Advancement of Science}
}
@article{church1995poisson,
  title={Poisson mixtures},
  author={Church, Kenneth W and Gale, William A},
  journal={Natural Language Engineering},
  volume={1},
  number={02},
  pages={163--190},
  year={1995},
  publisher={Cambridge Univ Press}
}
@incollection{clinchant2008bnb,
  title={The BNB distribution for text modeling},
  author={Clinchant, St{\'e}phane and Gaussier, Eric},
  booktitle={Advances in Information Retrieval},
  pages={150--161},
  year={2008},
  publisher={Springer}
}
@inproceedings{clinchant2010information,
  title={Information-based models for ad hoc IR},
  author={Clinchant, St{\'e}phane and Gaussier, Eric},
  booktitle={Proceedings of the 33rd international ACM SIGIR conference on Research and development in information retrieval},
  pages={234--241},
  year={2010},
  organization={ACM}
}

@INPROCEEDINGS{AMMSB, crossref = {gopalan2013efficient} }
@article{gopalan2013efficient,
    title={Efficient discovery of overlapping communities in massive networks},
    author={Gopalan, Prem K and Blei, David M},
    journal={Proceedings of the National Academy of Sciences},
    volume={110},
    number={36},
    pages={14534--14539},
    year={2013},
    publisher={National Acad Sciences}
}
@INPROCEEDINGS{MMM, crossref = {airoldi2014handbook} }
@book{airoldi2014handbook,
    title={Handbook of Mixed Membership Models and Their Applications},
    author={Airoldi, Edoardo M and Blei, David and Erosheva, Elena A and Fienberg, Stephen E},
    year={2014},
    publisher={CRC Press}
}
@article{albert2002statistical,
    title={Statistical mechanics of complex networks},
    author={Albert, R{\'e}ka and Barab{\'a}si, Albert-L{\'a}szl{\'o}},
    journal={Reviews of modern physics},
    volume={74},
    number={1},
    pages={47},
    year={2002},
    publisher={APS}
}


@BOOK{feller_68,
	AUTHOR = "W. Feller",
	TITLE = "An Introduction to Probability Theory and Its Applications, Vol. I",
	PUBLISHER = "Wiley, New York",
	YEAR = "1968"
}

@BOOK{barabasi_burst,
	AUTHOR = "A.-L. Barab\'asi",
	TITLE = "Bursts: The Hidden Patterns Behind Everything We Do, from Your E-mail to Bloody Crusades",
	PUBLISHER = "{PLUME}, Penguin Book, USA",
	YEAR = "2011"
}
@article{cohen2003scale,
    title={Scale-free networks are ultrasmall},
    author={Cohen, Reuven and Havlin, Shlomo},
    journal={Physical review letters},
    volume={90},
    number={5},
    pages={058701},
    year={2003},
    publisher={APS}
}
@inproceedings{menon2011link,
    title={Link prediction via matrix factorization},
    author={Menon, Aditya Krishna and Elkan, Charles},
    booktitle={Joint European Conference on Machine Learning and Knowledge Discovery in Databases},
    pages={437--452},
    year={2011},
    organization={Springer}
}
@article{orbanz2015bayesian,
    title={Bayesian models of graphs, arrays and other exchangeable random structures},
    author={Orbanz, Peter and Roy, Daniel M},
    journal={IEEE transactions on pattern analysis and machine intelligence},
    volume={37},
    number={2},
    pages={437--461},
    year={2015},
    publisher={IEEE}
}

@article{diaconis1979conjugate,
    title={Conjugate priors for exponential families},
    author={Diaconis, Persi and Ylvisaker, Donald and others},
    journal={The Annals of statistics},
    volume={7},
    number={2},
    pages={269--281},
    year={1979},
    publisher={Institute of Mathematical Statistics}
}
@article{clauset2009power,
    title={Power-law distributions in empirical data},
    author={Clauset, Aaron and Shalizi, Cosma Rohilla and Newman, Mark EJ},
    journal={SIAM review},
    volume={51},
    number={4},
    pages={661--703},
    year={2009},
    publisher={SIAM}
}
@article{jacobs2014unified,
    title={A unified view of generative models for networks: models, methods, opportunities, and challenges},
    author={Jacobs, Abigail Z and Clauset, Aaron},
    journal={arXiv preprint arXiv:1411.4070},
    year={2014}
}
@inproceedings{hoff2008modeling,
    title={Modeling homophily and stochastic equivalence in symmetric relational data},
    author={Hoff, Peter},
    booktitle={Advances in Neural Information Processing Systems},
    pages={657--664},
    year={2008}
}

@article{bickel2009nonparametric,
    title={A nonparametric view of network models and Newman--Girvan and other modularities},
    author={Bickel, Peter J and Chen, Aiyou},
    journal={Proceedings of the National Academy of Sciences},
    volume={106},
    number={50},
    pages={21068--21073},
    year={2009},
    publisher={National Acad Sciences}
}

@inproceedings{asuncion2009smoothing,
    title={On smoothing and inference for topic models},
    author={Asuncion, Arthur and Welling, Max and Smyth, Padhraic and Teh, Yee Whye},
    booktitle={Proceedings of the Twenty-Fifth Conference on Uncertainty in Artificial Intelligence},
    pages={27--34},
    year={2009},
}
@inproceedings{teh2006collapsed,
    title={A collapsed variational Bayesian inference algorithm for latent Dirichlet allocation},
    author={Teh, Yee Whye and Newman, David and Welling, Max},
    booktitle={NIPS},
    volume={6},
    pages={1378--1385},
    year={2006}
}
@article{hoffman2013stochastic,
    title={Stochastic variational inference.},
    author={Hoffman, Matthew D and Blei, David M and Wang, Chong and Paisley, John William},
    journal={Journal of Machine Learning Research},
    pages={1303--1347},
    year={2013}
}
@inproceedings{foulds2013stochastic,
    title={Stochastic collapsed variational Bayesian inference for latent Dirichlet allocation},
    author={Foulds, James and Boyles, Levi and DuBois, Christopher and Smyth, Padhraic and Welling, Max},
    booktitle={Proceedings of the 19th ACM SIGKDD international conference on Knowledge discovery and data mining},
    pages={446--454},
    year={2013},
    organization={ACM}
}
@article{cappe2009line,
    title={On-line expectation--maximization algorithm for latent data models},
    author={Capp{\'e}, Olivier and Moulines, Eric},
    journal={Journal of the Royal Statistical Society: Series B (Statistical Methodology)},
    pages={593--613},
    year={2009},
    publisher={Wiley Online Library}
}
@article{lu2011link,
    title={Link prediction in complex networks: A survey},
    author={L{\"u}, Linyuan and Zhou, Tao},
    journal={Physica A: Statistical Mechanics and its Applications},
    pages={1150--1170},
    year={2011},
    publisher={Elsevier}
}

